<?xml version="1.0" encoding="UTF-8"?>
<collections>
   <collection>
      <record>
         <datafield tag="970" ind1="" ind2="">
            <subfield code="a">1984A&amp;A...130...97L</subfield>
            <subfield code="8">ADS metadata</subfield>
         </datafield>
         <datafield tag="035" ind1="" ind2="">
            <subfield code="a">1984A&amp;A...130...97L</subfield>
            <subfield code="2">ADS bibcode</subfield>
            <subfield code="8">ADS metadata</subfield>
         </datafield>
         <datafield tag="100" ind1="" ind2="">
            <subfield code="a">Lapasset, E.</subfield>
            <subfield code="b">Lapasset, E</subfield>
            <subfield code="e">regular</subfield>
            <subfield code="u">Cordoba, Observatorio Astronomico, Cordoba, Argentina</subfield>
            <subfield code="8">STI</subfield>
         </datafield>
         <datafield tag="700" ind1="" ind2="">
            <subfield code="a">Sistero, R. F.</subfield>
            <subfield code="b">Sistero, R</subfield>
            <subfield code="e">regular</subfield>
            <subfield code="u">Cordoba, Observatorio Astronomico, Cordoba, Argentina</subfield>
            <subfield code="8">STI</subfield>
         </datafield>
         <datafield tag="245" ind1="" ind2="">
            <subfield code="a">Differential corrections analysis of the UBV photometry of UZ Octantis</subfield>
            <subfield code="8">STI</subfield>
         </datafield>
         <datafield tag="260" ind1="" ind2="">
            <subfield code="c">1984-01-00</subfield>
            <subfield code="t">date-published</subfield>
            <subfield code="8">STI</subfield>
         </datafield>
         <datafield tag="520" ind1="" ind2="">
            <subfield code="a">The UBV observations of UZ Oct are analyzed by means of the Wilson and Devinney's computational method. First, improved ephemeris are calculated and used to improve the determination of the phases. Then it is shown that neither 'detached' nor 'semi-detached' configurations can fit the observed light curves. The uniqueness of the solution is studied by starting several sets of differential correction iterations with different values of the main adjustable parameters. The short duration of the total eclipse at secondary minima makes the observations easily fit synthetic light curves with partial eclipses. In this way, three different solutions are found. When the configurations are forced to represent total occultations a single solution is obtained. The results are given in the form of two independent and convergent solutions. All the adjustable parameters including the mass-ratio and the secondary parameters seem to be very well defined. Finally, the evolutionary state of UZ Oct is deduced to be very close to the terminal age main sequence point. Probably it is one of the most evolved stars among the known W UMa contact binaries.</subfield>
            <subfield code="y">en</subfield>
            <subfield code="8">STI</subfield>
         </datafield>
         <datafield tag="695" ind1="" ind2="">
            <subfield code="a">ECLIPSING BINARY STARS</subfield>
            <subfield code="b">stars binaries eclipsing</subfield>
            <subfield code="9">NASA/STI</subfield>
         </datafield>
         <datafield tag="695" ind1="" ind2="">
            <subfield code="a">LIGHT CURVE</subfield>
            <subfield code="b"/>
            <subfield code="9">NASA/STI</subfield>
         </datafield>
         <datafield tag="695" ind1="" ind2="">
            <subfield code="a">STELLAR EVOLUTION</subfield>
            <subfield code="b"/>
            <subfield code="9">NASA/STI</subfield>
         </datafield>
         <datafield tag="695" ind1="" ind2="">
            <subfield code="a">UBV SPECTRA</subfield>
            <subfield code="b">ubv spectra</subfield>
            <subfield code="9">NASA/STI</subfield>
         </datafield>
         <datafield tag="695" ind1="" ind2="">
            <subfield code="a">ITERATIVE SOLUTION</subfield>
            <subfield code="b"/>
            <subfield code="9">NASA/STI</subfield>
         </datafield>
         <datafield tag="695" ind1="" ind2="">
            <subfield code="a">STELLAR SPECTROPHOTOMETRY</subfield>
            <subfield code="b"/>
            <subfield code="9">NASA/STI</subfield>
         </datafield>
         <datafield tag="773" ind1="" ind2="">
            <subfield code="p">Astronomy and Astrophysics (ISSN 0004-6361)</subfield>
            <subfield code="v">130</subfield>
            <subfield code="n">1</subfield>
            <subfield code="c">97-101</subfield>
            <subfield code="y">1984</subfield>
            <subfield code="z">Astronomy and Astrophysics (ISSN 0004-6361), vol. 130, no. 1, Jan. 1984, p. 97-101.</subfield>
            <subfield code="8">STI</subfield>
         </datafield>
         <datafield tag="961" ind1="" ind2="">
            <subfield code="c">2011-02-23T08:00:23</subfield>
            <subfield code="x">2011-02-23T08:00:23</subfield>
            <subfield code="8">STI</subfield>
         </datafield>
      </record>