
      <record>
         <datafield tag="970" ind1="" ind2="">
            <subfield code="a">1984A&amp;A...130...97L</subfield>
            <subfield code="8">ADS metadata</subfield>
         </datafield>
         <datafield tag="035" ind1="" ind2="">
            <subfield code="a">1984A&amp;A...130...97L</subfield>
            <subfield code="2">ADS bibcode</subfield>
            <subfield code="8">ADS metadata</subfield>
         </datafield>
         <datafield tag="100" ind1="" ind2="">
            <subfield code="a">Lapasset, E.</subfield>
            <subfield code="b">Lapasset, E</subfield>
            <subfield code="e">regular</subfield>
            <subfield code="8">KNUDSEN</subfield>
         </datafield>
         <datafield tag="700" ind1="" ind2="">
            <subfield code="a">Sistero, R. F.</subfield>
            <subfield code="b">Sistero, R</subfield>
            <subfield code="e">regular</subfield>
            <subfield code="8">KNUDSEN</subfield>
         </datafield>
         <datafield tag="245" ind1="" ind2="">
            <subfield code="a">Differential Correction Analysis of the UBV Photometry of Uz-Octantis</subfield>
            <subfield code="8">KNUDSEN</subfield>
         </datafield>
         <datafield tag="260" ind1="" ind2="">
            <subfield code="c">1984-01-00</subfield>
            <subfield code="t">date-published</subfield>
            <subfield code="8">KNUDSEN</subfield>
         </datafield>
         <datafield tag="773" ind1="" ind2="">
            <subfield code="p">Astronomy and Astrophysics</subfield>
            <subfield code="v">130</subfield>
            <subfield code="c">97</subfield>
            <subfield code="y">1984</subfield>
            <subfield code="z">Astronomy and Astrophysics, Vol.130, NO. 1, P. 97, 1984</subfield>
            <subfield code="8">KNUDSEN</subfield>
         </datafield>
         <datafield tag="961" ind1="" ind2="">
            <subfield code="c">2011-11-16T00:33:46</subfield>
            <subfield code="x">2011-11-16T00:33:46</subfield>
            <subfield code="8">KNUDSEN</subfield>
         </datafield>
      </record>